<?xml version="1.0" encoding="UTF-8"?><collection xmlns="http://www.loc.gov/MARC21/slim"><record><leader>00386nam--2200133-i-4500</leader><controlfield tag="001">000011924</controlfield><controlfield tag="002">20161230</controlfield><controlfield tag="005">20161230201029</controlfield><controlfield tag="008">060222s1000------------r-----000-0-eng-d</controlfield><datafield ind1=" " ind2=" " tag="080"><subfield code="a">54L.133:537.3LL.32(O43)</subfield></datafield><datafield ind1=" " ind2=" " tag="100"><subfield code="a">Cachet,Hubert</subfield></datafield><datafield ind1=" " ind2=" " tag="245"><subfield code="a">Contribution a l etude das proprietes dielectr iques non aqueuses.these</subfield></datafield><datafield ind1=" " ind2=" " tag="260"><subfield code="a">Oxford,Pergamon Press,1968. /1759-1769/P</subfield></datafield><datafield ind1=" " ind2=" " tag="852"><subfield code="a">440L0</subfield></datafield></record></collection>